@article{Narasimhan15,
  author    = {Karthik Narasimhan and
               Regina Barzilay and
               Tommi S. Jaakkola},
  title     = {An Unsupervised Method for Uncovering Morphological Chains},
  journal   = {CoRR},
  volume    = {abs/1503.02335},
  year      = {2015},
  url       = {http://arxiv.org/abs/1503.02335},
  timestamp = {Fri, 15 May 2015 13:53:15 +0200},
  biburl    = {http://dblp.uni-trier.de/rec/bib/journals/corr/NarasimhanBJ15},
  bibsource = {dblp computer science bibliography, http://dblp.org}
}

@inproceedings{Smith05,
 author = {Smith, Noah A. and Eisner, Jason},
 title = {Contrastive Estimation: Training Log-linear Models on Unlabeled Data},
 booktitle = {Proceedings of the 43rd Annual Meeting on Association for Computational Linguistics},
 series = {ACL '05},
 year = {2005},
 location = {Ann Arbor, Michigan},
 pages = {354--362},
 numpages = {9},
 url = {http://dx.doi.org/10.3115/1219840.1219884},
 doi = {10.3115/1219840.1219884},
 acmid = {1219884},
 publisher = {Association for Computational Linguistics},
 address = {Stroudsburg, PA, USA},
} 

@article{Mikolov13,
  author    = {Tomas Mikolov and
               Kai Chen and
               Greg Corrado and
               Jeffrey Dean},
  title     = {Efficient Estimation of Word Representations in Vector Space},
  journal   = {CoRR},
  volume    = {abs/1301.3781},
  year      = {2013},
  url       = {http://arxiv.org/abs/1301.3781},
  timestamp = {Thu, 07 May 2015 20:02:01 +0200},
  biburl    = {http://dblp.uni-trier.de/rec/bib/journals/corr/abs-1301-3781},
  bibsource = {dblp computer science bibliography, http://dblp.org}
}
